<?xml version="1.0" encoding="UTF-8"?>
<record>
  <leader>02607nas a2200541#c 4500</leader>
  <controlfield tag="005">20221207134215.0</controlfield>
  <controlfield tag="007">tu</controlfield>
  <controlfield tag="008">991118d19642000xx m||p|  ||| 0||||1ger c</controlfield>
  <controlfield tag="003">DE-605</controlfield>
  <controlfield tag="001">990053976760206441</controlfield>
  <datafield tag="015" ind1=" " ind2=" ">
    <subfield code="a">01,A10,0831</subfield>
    <subfield code="2">dnb</subfield>
  </datafield>
  <datafield tag="016" ind1="7" ind2=" ">
    <subfield code="a">123550-3</subfield>
    <subfield code="2">DE-600</subfield>
  </datafield>
  <datafield tag="016" ind1="7" ind2=" ">
    <subfield code="a">010694188</subfield>
    <subfield code="2">DE-101</subfield>
  </datafield>
  <datafield tag="022" ind1=" " ind2=" ">
    <subfield code="a">0031-9244</subfield>
    <subfield code="0">http://worldcat.org/issn/0031-9244</subfield>
  </datafield>
  <datafield tag="035" ind1=" " ind2=" ">
    <subfield code="a">(DE-599)ZDB123550-3</subfield>
  </datafield>
  <datafield tag="035" ind1=" " ind2=" ">
    <subfield code="a">(OCoLC)1367315083</subfield>
  </datafield>
  <datafield tag="035" ind1=" " ind2=" ">
    <subfield code="a">(DE-600)123550-3</subfield>
  </datafield>
  <datafield tag="035" ind1=" " ind2=" ">
    <subfield code="a">(DE-101)010694188</subfield>
  </datafield>
  <datafield tag="040" ind1=" " ind2=" ">
    <subfield code="a">9001</subfield>
    <subfield code="b">ger</subfield>
    <subfield code="c">DE-101</subfield>
    <subfield code="d">0005</subfield>
  </datafield>
  <datafield tag="041" ind1=" " ind2=" ">
    <subfield code="a">ger</subfield>
  </datafield>
  <datafield tag="044" ind1=" " ind2=" ">
    <subfield code="c">XA-DDDE</subfield>
    <subfield code="c">XA-DE</subfield>
  </datafield>
  <datafield tag="084" ind1=" " ind2=" ">
    <subfield code="a">22</subfield>
    <subfield code="a">29</subfield>
    <subfield code="a">78</subfield>
    <subfield code="a">370</subfield>
    <subfield code="q">DE-101</subfield>
    <subfield code="2">sdnb</subfield>
  </datafield>
  <datafield tag="084" ind1=" " ind2=" ">
    <subfield code="a">PHY 002z</subfield>
    <subfield code="2">stub</subfield>
  </datafield>
  <datafield tag="084" ind1=" " ind2=" ">
    <subfield code="a">6.4</subfield>
    <subfield code="q">DE-101</subfield>
    <subfield code="2">sswd</subfield>
  </datafield>
  <datafield tag="084" ind1=" " ind2=" ">
    <subfield code="a">UA 1000</subfield>
    <subfield code="2">rvk</subfield>
  </datafield>
  <datafield tag="084" ind1=" " ind2=" ">
    <subfield code="a">370</subfield>
    <subfield code="a">530</subfield>
    <subfield code="q">DE-600</subfield>
    <subfield code="2">sdnb</subfield>
  </datafield>
  <datafield tag="210" ind1="0" ind2="0">
    <subfield code="a">Phys. Sch.</subfield>
  </datafield>
  <datafield tag="245" ind1="0" ind2="0">
    <subfield code="a">Physik in der Schule</subfield>
  </datafield>
  <datafield tag="264" ind1="3" ind2="1">
    <subfield code="a">Berlin</subfield>
    <subfield code="b">Pädagogischer Zeitschriftenverl.</subfield>
    <subfield code="c">1964-2000</subfield>
  </datafield>
  <datafield tag="264" ind1="2" ind2="1">
    <subfield code="a">Berlin</subfield>
    <subfield code="b">Verl. Volk &amp; Wissen</subfield>
    <subfield code="c">anfangs</subfield>
  </datafield>
  <datafield tag="336" ind1=" " ind2=" ">
    <subfield code="b">txt</subfield>
  </datafield>
  <datafield tag="337" ind1=" " ind2=" ">
    <subfield code="b">n</subfield>
  </datafield>
  <datafield tag="338" ind1=" " ind2=" ">
    <subfield code="b">nc</subfield>
  </datafield>
  <datafield tag="362" ind1="0" ind2=" ">
    <subfield code="a">2.1964,7 - 38.2000</subfield>
  </datafield>
  <datafield tag="363" ind1="0" ind2="0">
    <subfield code="8">1.1\x</subfield>
    <subfield code="a">2</subfield>
    <subfield code="b">7</subfield>
    <subfield code="i">1964</subfield>
  </datafield>
  <datafield tag="363" ind1="1" ind2="0">
    <subfield code="8">1.2\x</subfield>
    <subfield code="i">2000</subfield>
  </datafield>
  <datafield tag="365" ind1=" " ind2=" ">
    <subfield code="b">: DM 16.20 (Einzelh., zzgl. Versandkosten), sfr  15.80 (Einzelh., zzgl. Versandkosten), S 118.00 (Einzelh., zzgl. Versandkosten), DM 89.60 (jährl., zzgl. Versandkosten), sfr 81.60 (jährl., zzgl. Versandkosten), S 654.00 (jährl., zzgl. Versandkosten), 60.00 (jährl., für Studenten, zzgl. Versandkosten), 54.60 (jährl., für Studenten, zzgl. Versandkosten), 438.00 (jährl., für Studenten, zzgl. Versandkosten)</subfield>
  </datafield>
  <datafield tag="689" ind1="0" ind2="0">
    <subfield code="a">Physikunterricht</subfield>
    <subfield code="D">s</subfield>
    <subfield code="0">(DE-588)4045977-9</subfield>
    <subfield code="0">https://portal.dnb.de/opac.htm?method=simpleSearch&amp;cqlMode=true&amp;query=idn=040459772</subfield>
    <subfield code="0">http://viaf.org/viaf/sourceID/DNB|040459772</subfield>
    <subfield code="B">GND-040459772</subfield>
  </datafield>
  <datafield tag="689" ind1="0" ind2=" ">
    <subfield code="5">DE-101</subfield>
  </datafield>
  <datafield tag="770" ind1="0" ind2="8">
    <subfield code="i">Beil.:</subfield>
    <subfield code="a">Pädagogischer Zeitschriftenverlag &lt;Berlin&gt;</subfield>
    <subfield code="t">PZV-Ratgeber / Sekundarstufen. Sekundarstufen</subfield>
    <subfield code="d">Berlin, 1998-2000</subfield>
    <subfield code="w">(DE-600)1429221-X</subfield>
  </datafield>
  <datafield tag="780" ind1="0" ind2="0">
    <subfield code="i">Vorg.:</subfield>
    <subfield code="t">Physik in der Schule / A. Ausgabe A</subfield>
    <subfield code="d">Berlin : Verl. Volk &amp; Wissen, 1963-1964</subfield>
    <subfield code="w">(DE-600)505442-4</subfield>
  </datafield>
  <datafield tag="780" ind1="0" ind2="0">
    <subfield code="i">Vorg.:</subfield>
    <subfield code="t">Physik in der Schule / B. Ausgabe B</subfield>
    <subfield code="d">Berlin : Verl. Volk &amp; Wissen, 1963-1964</subfield>
    <subfield code="w">(DE-600)505453-9</subfield>
  </datafield>
  <datafield tag="785" ind1="0" ind2="0">
    <subfield code="i">Forts.:</subfield>
    <subfield code="t">Praxis der Naturwissenschaften - Physik in der Schule</subfield>
    <subfield code="d">Hallbergmoos : Aulis, 2001-[2017]</subfield>
    <subfield code="x">1617-5689</subfield>
    <subfield code="w">(DE-600)2036417-9</subfield>
  </datafield>
  <datafield tag="655" ind1=" " ind2="7">
    <subfield code="a">Zeitschrift</subfield>
    <subfield code="0">(DE-588)4067488-5</subfield>
    <subfield code="2">gnd-content</subfield>
  </datafield>
  <datafield tag="591" ind1=" " ind2=" ">
    <subfield code="a">61!(28-02-01)</subfield>
  </datafield>
  <datafield tag="MBD" ind1=" " ind2=" ">
    <subfield code="M">49HBZ_NETWORK</subfield>
    <subfield code="i">990053976760206441</subfield>
    <subfield code="n">HBZ Network</subfield>
  </datafield>
  <datafield tag="MBD" ind1=" " ind2=" ">
    <subfield code="M">49HBZ_WUP</subfield>
    <subfield code="i">990000735140206447</subfield>
    <subfield code="n">Bergische Universität Wuppertal</subfield>
  </datafield>
  <datafield tag="MBD" ind1=" " ind2=" ">
    <subfield code="M">49HBZ_RTU</subfield>
    <subfield code="i">990000189210507476</subfield>
    <subfield code="n">RPTU Kaiserslautern-Landau</subfield>
  </datafield>
  <datafield tag="MBD" ind1=" " ind2=" ">
    <subfield code="M">49HBZ_UBA</subfield>
    <subfield code="i">991019590819706448</subfield>
    <subfield code="n">RWTH Aachen</subfield>
  </datafield>
  <datafield tag="MBD" ind1=" " ind2=" ">
    <subfield code="M">49HBZ_UBD</subfield>
    <subfield code="i">991001721369706445</subfield>
    <subfield code="n">Technische Universität Dortmund</subfield>
  </datafield>
  <datafield tag="MBD" ind1=" " ind2=" ">
    <subfield code="M">49HBZ_BIE</subfield>
    <subfield code="i">991002639399706442</subfield>
    <subfield code="n">Universität Bielefeld</subfield>
  </datafield>
  <datafield tag="MBD" ind1=" " ind2=" ">
    <subfield code="M">49HBZ_UBO</subfield>
    <subfield code="i">991002617309706471</subfield>
    <subfield code="n">Universität Bochum</subfield>
  </datafield>
  <datafield tag="MBD" ind1=" " ind2=" ">
    <subfield code="M">49HBZ_UDE</subfield>
    <subfield code="i">990000630920206446</subfield>
    <subfield code="n">Universität Duisburg-Essen</subfield>
  </datafield>
  <datafield tag="MBD" ind1=" " ind2=" ">
    <subfield code="M">49HBZ_DUE</subfield>
    <subfield code="i">990000536970206443</subfield>
    <subfield code="n">Universität Düsseldorf</subfield>
  </datafield>
  <datafield tag="MBD" ind1=" " ind2=" ">
    <subfield code="M">49HBZ_UKO</subfield>
    <subfield code="i">990003106100108057</subfield>
    <subfield code="n">Universität Koblenz</subfield>
  </datafield>
  <datafield tag="MBD" ind1=" " ind2=" ">
    <subfield code="M">49HBZ_UBK</subfield>
    <subfield code="i">991001365789706476</subfield>
    <subfield code="n">Universität Köln</subfield>
  </datafield>
  <datafield tag="MBD" ind1=" " ind2=" ">
    <subfield code="M">49HBZ_ULM</subfield>
    <subfield code="i">991017580149706449</subfield>
    <subfield code="n">Universität Münster</subfield>
  </datafield>
  <datafield tag="MBD" ind1=" " ind2=" ">
    <subfield code="M">49HBZ_SIE</subfield>
    <subfield code="i">990000843550106462</subfield>
    <subfield code="n">Universität Siegen</subfield>
  </datafield>
  <datafield tag="MBD" ind1=" " ind2=" ">
    <subfield code="M">49HBZ_PAD</subfield>
    <subfield code="i">990000626430106463</subfield>
    <subfield code="n">Universitätsbibliothek Paderborn</subfield>
  </datafield>
  <datafield tag="MNG" ind1=" " ind2=" ">
    <subfield code="c">System</subfield>
    <subfield code="f">ZDB</subfield>
    <subfield code="i">marc21</subfield>
    <subfield code="h">20221207134215.0</subfield>
    <subfield code="k">01</subfield>
    <subfield code="e">false</subfield>
    <subfield code="d">2023-04-22 19:56:51 Europe/Berlin</subfield>
    <subfield code="g">005397676-HBZ01</subfield>
    <subfield code="j">90</subfield>
    <subfield code="a">import</subfield>
    <subfield code="b">2021-04-05 18:36:15 Europe/Berlin</subfield>
  </datafield>
  <datafield tag="H16" ind1="7" ind2=" ">
    <subfield code="a">123550-3</subfield>
    <subfield code="2">DE-600</subfield>
    <subfield code="8">22142187260006447</subfield>
  </datafield>
  <datafield tag="H35" ind1=" " ind2=" ">
    <subfield code="a">(DE-600)006180183</subfield>
    <subfield code="8">22142187260006447</subfield>
  </datafield>
  <datafield tag="H92" ind1=" " ind2=" ">
    <subfield code="a">561000-X</subfield>
    <subfield code="k">NRW</subfield>
    <subfield code="l">a</subfield>
    <subfield code="o">c</subfield>
    <subfield code="p">x</subfield>
    <subfield code="8">22142187260006447</subfield>
  </datafield>
  <datafield tag="H52" ind1="8" ind2="1">
    <subfield code="a">DE-468</subfield>
    <subfield code="b">W0001</subfield>
    <subfield code="c">04</subfield>
    <subfield code="h">67P9</subfield>
    <subfield code="8">1</subfield>
    <subfield code="8">22142187260006447</subfield>
  </datafield>
  <datafield tag="H59" ind1="0" ind2="0">
    <subfield code="8">1.1\x</subfield>
    <subfield code="a">8</subfield>
    <subfield code="i">1970</subfield>
    <subfield code="8">22142187260006447</subfield>
  </datafield>
  <datafield tag="H59" ind1="1" ind2="0">
    <subfield code="8">1.2\x</subfield>
    <subfield code="a">38</subfield>
    <subfield code="i">2000</subfield>
    <subfield code="8">22142187260006447</subfield>
  </datafield>
  <datafield tag="H66" ind1="3" ind2="0">
    <subfield code="a">8.1970 - 38.2000</subfield>
    <subfield code="8">22142187260006447</subfield>
  </datafield>
  <datafield tag="HOL" ind1=" " ind2=" ">
    <subfield code="b">2021-04-06 08:44:24</subfield>
    <subfield code="8">22142187260006447</subfield>
    <subfield code="M">49HBZ_WUP</subfield>
    <subfield code="g">false</subfield>
    <subfield code="a">import</subfield>
  </datafield>
  <datafield tag="H35" ind1=" " ind2=" ">
    <subfield code="a">(DE-600)006180132</subfield>
    <subfield code="8">2266381760007476</subfield>
  </datafield>
  <datafield tag="H92" ind1=" " ind2=" ">
    <subfield code="a">671000-1</subfield>
    <subfield code="k">NRW</subfield>
    <subfield code="l">a</subfield>
    <subfield code="o">b</subfield>
    <subfield code="p">x</subfield>
    <subfield code="8">2266381760007476</subfield>
  </datafield>
  <datafield tag="H52" ind1="8" ind2="1">
    <subfield code="a">DE-386</subfield>
    <subfield code="b">R3048</subfield>
    <subfield code="c">ZSPHY</subfield>
    <subfield code="h">PHY Z 1646</subfield>
    <subfield code="8">24</subfield>
    <subfield code="8">2266381760007476</subfield>
  </datafield>
  <datafield tag="H59" ind1="0" ind2="0">
    <subfield code="8">1.1\x</subfield>
    <subfield code="a">2</subfield>
    <subfield code="i">1964</subfield>
    <subfield code="8">2266381760007476</subfield>
  </datafield>
  <datafield tag="H59" ind1="0" ind2="0">
    <subfield code="8">2.1\x</subfield>
    <subfield code="a">4</subfield>
    <subfield code="i">1966</subfield>
    <subfield code="8">2266381760007476</subfield>
  </datafield>
  <datafield tag="H66" ind1="3" ind2="0">
    <subfield code="9">- Beih. zu</subfield>
    <subfield code="8">2266381760007476</subfield>
  </datafield>
  <datafield tag="H66" ind1="3" ind2="0">
    <subfield code="a">2.1964; 4.1966</subfield>
    <subfield code="8">2266381760007476</subfield>
  </datafield>
  <datafield tag="HOL" ind1=" " ind2=" ">
    <subfield code="b">2022-07-12 09:37:23</subfield>
    <subfield code="8">2266381760007476</subfield>
    <subfield code="M">49HBZ_RTU</subfield>
    <subfield code="g">false</subfield>
    <subfield code="a">import</subfield>
  </datafield>
  <datafield tag="H35" ind1=" " ind2=" ">
    <subfield code="a">(DE-600)006180124</subfield>
    <subfield code="8">2266381820007476</subfield>
  </datafield>
  <datafield tag="H92" ind1=" " ind2=" ">
    <subfield code="a">671000-1</subfield>
    <subfield code="k">NRW</subfield>
    <subfield code="l">a</subfield>
    <subfield code="o">b</subfield>
    <subfield code="p">x</subfield>
    <subfield code="8">2266381820007476</subfield>
  </datafield>
  <datafield tag="H52" ind1="8" ind2="1">
    <subfield code="a">DE-386</subfield>
    <subfield code="b">R3048</subfield>
    <subfield code="c">ZSPHY</subfield>
    <subfield code="h">PHY Z 1646</subfield>
    <subfield code="8">1</subfield>
    <subfield code="8">2266381820007476</subfield>
  </datafield>
  <datafield tag="H59" ind1="0" ind2="0">
    <subfield code="8">1.1\x</subfield>
    <subfield code="a">1</subfield>
    <subfield code="i">1963</subfield>
    <subfield code="8">2266381820007476</subfield>
  </datafield>
  <datafield tag="H59" ind1="1" ind2="0">
    <subfield code="8">1.2\x</subfield>
    <subfield code="a">38</subfield>
    <subfield code="i">2000</subfield>
    <subfield code="8">2266381820007476</subfield>
  </datafield>
  <datafield tag="H66" ind1="3" ind2="0">
    <subfield code="a">1.1963 - 38.2000</subfield>
    <subfield code="8">2266381820007476</subfield>
  </datafield>
  <datafield tag="HOL" ind1=" " ind2=" ">
    <subfield code="b">2022-07-12 09:37:23</subfield>
    <subfield code="8">2266381820007476</subfield>
    <subfield code="M">49HBZ_RTU</subfield>
    <subfield code="g">false</subfield>
    <subfield code="a">import</subfield>
  </datafield>
  <datafield tag="H16" ind1="7" ind2=" ">
    <subfield code="a">123550-3</subfield>
    <subfield code="2">DE-600</subfield>
    <subfield code="8">2266381790007476</subfield>
  </datafield>
  <datafield tag="H35" ind1=" " ind2=" ">
    <subfield code="a">(DE-600)006180477</subfield>
    <subfield code="8">2266381790007476</subfield>
  </datafield>
  <datafield tag="H92" ind1=" " ind2=" ">
    <subfield code="a">672000-6</subfield>
    <subfield code="k">NRW</subfield>
    <subfield code="l">a</subfield>
    <subfield code="o">c</subfield>
    <subfield code="p">x</subfield>
    <subfield code="8">2266381790007476</subfield>
  </datafield>
  <datafield tag="H52" ind1="8" ind2="1">
    <subfield code="a">DE-Lan1</subfield>
    <subfield code="b">RL002</subfield>
    <subfield code="c">FZSLD</subfield>
    <subfield code="h">fys 02-3</subfield>
    <subfield code="8">1</subfield>
    <subfield code="8">2266381790007476</subfield>
  </datafield>
  <datafield tag="H59" ind1="0" ind2="0">
    <subfield code="8">1.1\x</subfield>
    <subfield code="a">2</subfield>
    <subfield code="i">1964</subfield>
    <subfield code="8">2266381790007476</subfield>
  </datafield>
  <datafield tag="H59" ind1="1" ind2="0">
    <subfield code="8">1.2\x</subfield>
    <subfield code="a">10</subfield>
    <subfield code="i">1972</subfield>
    <subfield code="8">2266381790007476</subfield>
  </datafield>
  <datafield tag="H59" ind1="0" ind2="0">
    <subfield code="8">2.1\x</subfield>
    <subfield code="a">12</subfield>
    <subfield code="i">1974</subfield>
    <subfield code="8">2266381790007476</subfield>
  </datafield>
  <datafield tag="H59" ind1="0" ind2="0">
    <subfield code="8">3.1\x</subfield>
    <subfield code="a">27</subfield>
    <subfield code="i">1991</subfield>
    <subfield code="8">2266381790007476</subfield>
  </datafield>
  <datafield tag="H59" ind1="0" ind2="0">
    <subfield code="8">4.1\x</subfield>
    <subfield code="a">29</subfield>
    <subfield code="i">1991</subfield>
    <subfield code="8">2266381790007476</subfield>
  </datafield>
  <datafield tag="H59" ind1="1" ind2="0">
    <subfield code="8">4.2\x</subfield>
    <subfield code="a">38</subfield>
    <subfield code="i">2000</subfield>
    <subfield code="8">2266381790007476</subfield>
  </datafield>
  <datafield tag="H66" ind1="3" ind2="0">
    <subfield code="a">2. 1964,7 - 10.1972; 12.1974; 27.1991; 29.1991 - 38.2000</subfield>
    <subfield code="8">2266381790007476</subfield>
  </datafield>
  <datafield tag="HOL" ind1=" " ind2=" ">
    <subfield code="b">2022-07-12 09:37:23</subfield>
    <subfield code="8">2266381790007476</subfield>
    <subfield code="M">49HBZ_RTU</subfield>
    <subfield code="g">false</subfield>
    <subfield code="a">import</subfield>
  </datafield>
  <datafield tag="H16" ind1="7" ind2=" ">
    <subfield code="a">123550-3</subfield>
    <subfield code="2">DE-600</subfield>
    <subfield code="8">22222365420006448</subfield>
  </datafield>
  <datafield tag="H35" ind1=" " ind2=" ">
    <subfield code="a">(DE-600)006179932</subfield>
    <subfield code="8">22222365420006448</subfield>
  </datafield>
  <datafield tag="H35" ind1=" " ind2=" ">
    <subfield code="a">(DE-82)006179932-49hbz_uba</subfield>
    <subfield code="8">22222365420006448</subfield>
  </datafield>
  <datafield tag="H92" ind1=" " ind2=" ">
    <subfield code="a">511000-2</subfield>
    <subfield code="d">82</subfield>
    <subfield code="k">NRW</subfield>
    <subfield code="l">a</subfield>
    <subfield code="o">c</subfield>
    <subfield code="8">22222365420006448</subfield>
  </datafield>
  <datafield tag="H52" ind1=" " ind2=" ">
    <subfield code="b">ZB</subfield>
    <subfield code="c">0</subfield>
    <subfield code="8">1</subfield>
    <subfield code="h">Z5725</subfield>
    <subfield code="9">00</subfield>
    <subfield code="x">DE-82</subfield>
    <subfield code="8">22222365420006448</subfield>
  </datafield>
  <datafield tag="H59" ind1="0" ind2="0">
    <subfield code="8">1.1\x</subfield>
    <subfield code="a">2</subfield>
    <subfield code="i">1964</subfield>
    <subfield code="8">22222365420006448</subfield>
  </datafield>
  <datafield tag="H59" ind1="1" ind2="0">
    <subfield code="8">1.2\x</subfield>
    <subfield code="a">13</subfield>
    <subfield code="i">1975</subfield>
    <subfield code="8">22222365420006448</subfield>
  </datafield>
  <datafield tag="H59" ind1="0" ind2="0">
    <subfield code="8">2.1\x</subfield>
    <subfield code="a">16</subfield>
    <subfield code="i">1978</subfield>
    <subfield code="8">22222365420006448</subfield>
  </datafield>
  <datafield tag="H59" ind1="1" ind2="0">
    <subfield code="8">2.2\x</subfield>
    <subfield code="a">38</subfield>
    <subfield code="i">2000</subfield>
    <subfield code="8">22222365420006448</subfield>
  </datafield>
  <datafield tag="H66" ind1="3" ind2="0">
    <subfield code="a">2.1964,7 - 13.1975; 16.1978 - 38.2000</subfield>
    <subfield code="8">22222365420006448</subfield>
  </datafield>
  <datafield tag="H66" ind1="3" ind2="0">
    <subfield code="z">[N=16.1978,1-2]</subfield>
    <subfield code="8">22222365420006448</subfield>
  </datafield>
  <datafield tag="HOL" ind1=" " ind2=" ">
    <subfield code="b">2022-07-20 21:15:40</subfield>
    <subfield code="8">22222365420006448</subfield>
    <subfield code="M">49HBZ_UBA</subfield>
    <subfield code="g">false</subfield>
    <subfield code="a">import</subfield>
  </datafield>
  <datafield tag="H16" ind1="7" ind2=" ">
    <subfield code="a">123550-3</subfield>
    <subfield code="2">DE-600</subfield>
    <subfield code="8">22189310720006445</subfield>
  </datafield>
  <datafield tag="H35" ind1=" " ind2=" ">
    <subfield code="a">(DE-600)006180035</subfield>
    <subfield code="8">22189310720006445</subfield>
  </datafield>
  <datafield tag="H35" ind1=" " ind2=" ">
    <subfield code="a">(DE-290)006180035-49hbz_ubd</subfield>
    <subfield code="8">22189310720006445</subfield>
  </datafield>
  <datafield tag="H92" ind1=" " ind2=" ">
    <subfield code="a">463000-2</subfield>
    <subfield code="d">290</subfield>
    <subfield code="k">NRW</subfield>
    <subfield code="l">a</subfield>
    <subfield code="o">c</subfield>
    <subfield code="8">22189310720006445</subfield>
  </datafield>
  <datafield tag="H52" ind1=" " ind2=" ">
    <subfield code="b">ZB</subfield>
    <subfield code="c">ZS</subfield>
    <subfield code="8">1</subfield>
    <subfield code="h">ZN 535</subfield>
    <subfield code="x">DE-290</subfield>
    <subfield code="9">00</subfield>
    <subfield code="8">22189310720006445</subfield>
  </datafield>
  <datafield tag="H59" ind1="0" ind2="0">
    <subfield code="8">1.1\x</subfield>
    <subfield code="a">2</subfield>
    <subfield code="i">1964</subfield>
    <subfield code="8">22189310720006445</subfield>
  </datafield>
  <datafield tag="H59" ind1="1" ind2="0">
    <subfield code="8">1.2\x</subfield>
    <subfield code="a">38</subfield>
    <subfield code="i">2000</subfield>
    <subfield code="8">22189310720006445</subfield>
  </datafield>
  <datafield tag="H66" ind1="3" ind2="0">
    <subfield code="a">2.1964,7 - 38.2000</subfield>
    <subfield code="8">22189310720006445</subfield>
  </datafield>
  <datafield tag="HOL" ind1=" " ind2=" ">
    <subfield code="b">2021-04-19 15:12:07</subfield>
    <subfield code="8">22189310720006445</subfield>
    <subfield code="M">49HBZ_UBD</subfield>
    <subfield code="g">false</subfield>
    <subfield code="a">import</subfield>
  </datafield>
  <datafield tag="H16" ind1="7" ind2=" ">
    <subfield code="a">123550-3</subfield>
    <subfield code="2">DE-600</subfield>
    <subfield code="8">22274254620006442</subfield>
  </datafield>
  <datafield tag="H35" ind1=" " ind2=" ">
    <subfield code="a">(DE-600)006180086</subfield>
    <subfield code="8">22274254620006442</subfield>
  </datafield>
  <datafield tag="H35" ind1=" " ind2=" ">
    <subfield code="a">(DE-361)006180086-49hbz_bie</subfield>
    <subfield code="8">22274254620006442</subfield>
  </datafield>
  <datafield tag="H92" ind1=" " ind2=" ">
    <subfield code="a">481000-4</subfield>
    <subfield code="d">361</subfield>
    <subfield code="k">NRW</subfield>
    <subfield code="l">a</subfield>
    <subfield code="o">c</subfield>
    <subfield code="u">C</subfield>
    <subfield code="8">22274254620006442</subfield>
  </datafield>
  <datafield tag="H52" ind1=" " ind2=" ">
    <subfield code="b">UB_BI</subfield>
    <subfield code="c">17_Zs</subfield>
    <subfield code="8">1</subfield>
    <subfield code="h">17 QD000 P600</subfield>
    <subfield code="9">00</subfield>
    <subfield code="8">22274254620006442</subfield>
  </datafield>
  <datafield tag="H59" ind1="0" ind2="0">
    <subfield code="8">1.1\x</subfield>
    <subfield code="a">9</subfield>
    <subfield code="i">1971</subfield>
    <subfield code="8">22274254620006442</subfield>
  </datafield>
  <datafield tag="H59" ind1="1" ind2="0">
    <subfield code="8">1.2\x</subfield>
    <subfield code="a">38</subfield>
    <subfield code="i">2000</subfield>
    <subfield code="8">22274254620006442</subfield>
  </datafield>
  <datafield tag="H66" ind1="3" ind2="0">
    <subfield code="a">9.1971 - 38.2000</subfield>
    <subfield code="8">22274254620006442</subfield>
  </datafield>
  <datafield tag="HOL" ind1=" " ind2=" ">
    <subfield code="b">2021-04-19 05:29:00</subfield>
    <subfield code="8">22274254620006442</subfield>
    <subfield code="M">49HBZ_BIE</subfield>
    <subfield code="g">false</subfield>
    <subfield code="a">import</subfield>
  </datafield>
  <datafield tag="H16" ind1="7" ind2=" ">
    <subfield code="a">123550-3</subfield>
    <subfield code="2">DE-600</subfield>
    <subfield code="8">22175660800006471</subfield>
  </datafield>
  <datafield tag="H35" ind1=" " ind2=" ">
    <subfield code="a">(DE-600)006180051</subfield>
    <subfield code="8">22175660800006471</subfield>
  </datafield>
  <datafield tag="H35" ind1=" " ind2=" ">
    <subfield code="a">(DE-294)006180051-49hbz_ubo</subfield>
    <subfield code="8">22175660800006471</subfield>
  </datafield>
  <datafield tag="H92" ind1=" " ind2=" ">
    <subfield code="a">461016-7</subfield>
    <subfield code="d">294/16</subfield>
    <subfield code="k">NRW</subfield>
    <subfield code="l">b</subfield>
    <subfield code="o">d</subfield>
    <subfield code="8">22175660800006471</subfield>
  </datafield>
  <datafield tag="H52" ind1="8" ind2="1">
    <subfield code="b">PHYS</subfield>
    <subfield code="c">PHYS_Z</subfield>
    <subfield code="8">1</subfield>
    <subfield code="h">ohne Sign.</subfield>
    <subfield code="9">00</subfield>
    <subfield code="9">09</subfield>
    <subfield code="x">DE-294-16</subfield>
    <subfield code="8">22175660800006471</subfield>
  </datafield>
  <datafield tag="H59" ind1="0" ind2="0">
    <subfield code="8">1.1\x</subfield>
    <subfield code="a">13</subfield>
    <subfield code="i">1975</subfield>
    <subfield code="8">22175660800006471</subfield>
  </datafield>
  <datafield tag="H59" ind1="1" ind2="0">
    <subfield code="8">1.2\x</subfield>
    <subfield code="a">38</subfield>
    <subfield code="i">2000</subfield>
    <subfield code="8">22175660800006471</subfield>
  </datafield>
  <datafield tag="H66" ind1=" " ind2="0">
    <subfield code="z">Zeitschriften</subfield>
    <subfield code="8">22175660800006471</subfield>
  </datafield>
  <datafield tag="H66" ind1="3" ind2="0">
    <subfield code="a">13.1975 - 38.2000,Juli</subfield>
    <subfield code="8">22175660800006471</subfield>
  </datafield>
  <datafield tag="H66" ind1=" " ind2="0">
    <subfield code="z">Standort: Phys/Didaktik</subfield>
    <subfield code="8">22175660800006471</subfield>
  </datafield>
  <datafield tag="HOL" ind1=" " ind2=" ">
    <subfield code="b">2023-07-30 19:03:28</subfield>
    <subfield code="8">22175660800006471</subfield>
    <subfield code="M">49HBZ_UBO</subfield>
    <subfield code="g">false</subfield>
    <subfield code="a">import</subfield>
  </datafield>
  <datafield tag="H16" ind1="7" ind2=" ">
    <subfield code="a">123550-3</subfield>
    <subfield code="2">DE-600</subfield>
    <subfield code="8">22409593820006446</subfield>
  </datafield>
  <datafield tag="H35" ind1=" " ind2=" ">
    <subfield code="a">(DE-600)006180140</subfield>
    <subfield code="8">22409593820006446</subfield>
  </datafield>
  <datafield tag="H92" ind1=" " ind2=" ">
    <subfield code="a">411000-6</subfield>
    <subfield code="k">NRW</subfield>
    <subfield code="l">a</subfield>
    <subfield code="o">b</subfield>
    <subfield code="p">x</subfield>
    <subfield code="8">22409593820006446</subfield>
  </datafield>
  <datafield tag="H52" ind1="8" ind2="1">
    <subfield code="a">DE-464</subfield>
    <subfield code="b">D0001</subfield>
    <subfield code="c">D30</subfield>
    <subfield code="h">67 P 23</subfield>
    <subfield code="8">1</subfield>
    <subfield code="8">22409593820006446</subfield>
  </datafield>
  <datafield tag="H59" ind1="0" ind2="0">
    <subfield code="8">1.1\x</subfield>
    <subfield code="a">2</subfield>
    <subfield code="i">1964</subfield>
    <subfield code="8">22409593820006446</subfield>
  </datafield>
  <datafield tag="H59" ind1="1" ind2="0">
    <subfield code="8">1.2\x</subfield>
    <subfield code="a">38</subfield>
    <subfield code="i">2000</subfield>
    <subfield code="8">22409593820006446</subfield>
  </datafield>
  <datafield tag="H66" ind1="3" ind2="0">
    <subfield code="a">2.1964,7 - 38.2000</subfield>
    <subfield code="8">22409593820006446</subfield>
  </datafield>
  <datafield tag="HOL" ind1=" " ind2=" ">
    <subfield code="d">2021-06-10 15:59:04</subfield>
    <subfield code="8">22409593820006446</subfield>
    <subfield code="b">2021-04-15 18:02:26</subfield>
    <subfield code="M">49HBZ_UDE</subfield>
    <subfield code="g">false</subfield>
    <subfield code="a">import</subfield>
    <subfield code="c">exl_api</subfield>
  </datafield>
  <datafield tag="ITM" ind1=" " ind2=" ">
    <subfield code="H">22409593820006446</subfield>
    <subfield code="x">D30</subfield>
    <subfield code="f">BOOK</subfield>
    <subfield code="v">D30</subfield>
    <subfield code="p">38</subfield>
    <subfield code="X">System</subfield>
    <subfield code="U">1996-03-05 11:59:00 Europe/Berlin</subfield>
    <subfield code="Y">2021-04-15 20:03:24 Europe/Berlin</subfield>
    <subfield code="h">false</subfield>
    <subfield code="n">67P23_d</subfield>
    <subfield code="M">49HBZ_UDE</subfield>
    <subfield code="s">1</subfield>
    <subfield code="d">8</subfield>
    <subfield code="V">import</subfield>
    <subfield code="b">1148014-10</subfield>
    <subfield code="a">23409593810006446</subfield>
    <subfield code="t">8</subfield>
    <subfield code="c">67 P 23</subfield>
    <subfield code="W">1996-03-05 01:00:00 Europe/Berlin</subfield>
    <subfield code="u">D0001</subfield>
    <subfield code="w">D0001</subfield>
  </datafield>
  <datafield tag="H16" ind1="7" ind2=" ">
    <subfield code="a">123550-3</subfield>
    <subfield code="2">DE-600</subfield>
    <subfield code="8">22302058760006443</subfield>
  </datafield>
  <datafield tag="H35" ind1=" " ind2=" ">
    <subfield code="a">(DE-600)006179924</subfield>
    <subfield code="8">22302058760006443</subfield>
  </datafield>
  <datafield tag="H92" ind1=" " ind2=" ">
    <subfield code="a">401000-0</subfield>
    <subfield code="d">61</subfield>
    <subfield code="k">NRW</subfield>
    <subfield code="l">a</subfield>
    <subfield code="o">c</subfield>
    <subfield code="8">22302058760006443</subfield>
  </datafield>
  <datafield tag="H52" ind1="8" ind2="1">
    <subfield code="a">DE-61</subfield>
    <subfield code="b">X0001</subfield>
    <subfield code="c">03P</subfield>
    <subfield code="h">phy z p 455</subfield>
    <subfield code="8">1</subfield>
    <subfield code="8">22302058760006443</subfield>
  </datafield>
  <datafield tag="H59" ind1="0" ind2="0">
    <subfield code="8">1.1\x</subfield>
    <subfield code="a">2</subfield>
    <subfield code="i">1964</subfield>
    <subfield code="8">22302058760006443</subfield>
  </datafield>
  <datafield tag="H59" ind1="1" ind2="0">
    <subfield code="8">1.2\x</subfield>
    <subfield code="a">38</subfield>
    <subfield code="i">2000</subfield>
    <subfield code="8">22302058760006443</subfield>
  </datafield>
  <datafield tag="H66" ind1="3" ind2="0">
    <subfield code="a">2.1964,7 - 38.2000</subfield>
    <subfield code="8">22302058760006443</subfield>
  </datafield>
  <datafield tag="HOL" ind1=" " ind2=" ">
    <subfield code="b">2021-04-01 12:19:22</subfield>
    <subfield code="8">22302058760006443</subfield>
    <subfield code="M">49HBZ_DUE</subfield>
    <subfield code="g">false</subfield>
    <subfield code="a">import</subfield>
  </datafield>
  <datafield tag="H16" ind1="7" ind2=" ">
    <subfield code="a">123550-3</subfield>
    <subfield code="2">DE-600</subfield>
    <subfield code="8">2232332750008057</subfield>
  </datafield>
  <datafield tag="H35" ind1=" " ind2=" ">
    <subfield code="a">(DE-600)006180272</subfield>
    <subfield code="8">2232332750008057</subfield>
  </datafield>
  <datafield tag="H92" ind1=" " ind2=" ">
    <subfield code="a">652002-9</subfield>
    <subfield code="k">NRW</subfield>
    <subfield code="l">a</subfield>
    <subfield code="o">b</subfield>
    <subfield code="p">x</subfield>
    <subfield code="8">2232332750008057</subfield>
  </datafield>
  <datafield tag="H52" ind1="8" ind2="1">
    <subfield code="a">DE-Kob7</subfield>
    <subfield code="b">RL001</subfield>
    <subfield code="c">MAGZS</subfield>
    <subfield code="h">PY 040 25</subfield>
    <subfield code="8">1</subfield>
    <subfield code="8">2232332750008057</subfield>
  </datafield>
  <datafield tag="H59" ind1="0" ind2="0">
    <subfield code="8">1.1\x</subfield>
    <subfield code="a">33</subfield>
    <subfield code="i">1995</subfield>
    <subfield code="8">2232332750008057</subfield>
  </datafield>
  <datafield tag="H59" ind1="1" ind2="0">
    <subfield code="8">1.2\x</subfield>
    <subfield code="a">38</subfield>
    <subfield code="i">2000</subfield>
    <subfield code="8">2232332750008057</subfield>
  </datafield>
  <datafield tag="H66" ind1="3" ind2="0">
    <subfield code="a">33.1995 - 38.2000</subfield>
    <subfield code="8">2232332750008057</subfield>
  </datafield>
  <datafield tag="HOL" ind1=" " ind2=" ">
    <subfield code="b">2023-08-14 07:05:28</subfield>
    <subfield code="8">2232332750008057</subfield>
    <subfield code="M">49HBZ_UKO</subfield>
    <subfield code="g">false</subfield>
    <subfield code="a">import</subfield>
  </datafield>
  <datafield tag="ITM" ind1=" " ind2=" ">
    <subfield code="H">2232332750008057</subfield>
    <subfield code="x">MAGZS</subfield>
    <subfield code="f">ISSBD</subfield>
    <subfield code="v">MAGZS</subfield>
    <subfield code="p">31</subfield>
    <subfield code="X">System</subfield>
    <subfield code="U">2005-08-25 12:59:00 Europe/Berlin</subfield>
    <subfield code="Y">2023-08-14 09:07:57 Europe/Berlin</subfield>
    <subfield code="h">false</subfield>
    <subfield code="n">MAG 22267</subfield>
    <subfield code="i">38</subfield>
    <subfield code="k">2000</subfield>
    <subfield code="M">49HBZ_UKO</subfield>
    <subfield code="s">1</subfield>
    <subfield code="d">8</subfield>
    <subfield code="V">import</subfield>
    <subfield code="L">PY 040 25-38</subfield>
    <subfield code="b">M08 7898</subfield>
    <subfield code="a">2332332670008057</subfield>
    <subfield code="t">8</subfield>
    <subfield code="R">Maintenance count: 002</subfield>
    <subfield code="c">PY 040 25</subfield>
    <subfield code="B">2060/2002</subfield>
    <subfield code="D">20021231</subfield>
    <subfield code="q">38.2000</subfield>
    <subfield code="W">2005-08-25 02:00:00 Europe/Berlin</subfield>
    <subfield code="u">RL001</subfield>
    <subfield code="w">RL001</subfield>
  </datafield>
  <datafield tag="ITM" ind1=" " ind2=" ">
    <subfield code="H">2232332750008057</subfield>
    <subfield code="x">MAGZS</subfield>
    <subfield code="f">ISSBD</subfield>
    <subfield code="v">MAGZS</subfield>
    <subfield code="p">31</subfield>
    <subfield code="X">System</subfield>
    <subfield code="U">2005-08-25 12:59:00 Europe/Berlin</subfield>
    <subfield code="Y">2023-08-14 09:07:57 Europe/Berlin</subfield>
    <subfield code="h">false</subfield>
    <subfield code="n">MAG 22262</subfield>
    <subfield code="i">33</subfield>
    <subfield code="k">1995</subfield>
    <subfield code="M">49HBZ_UKO</subfield>
    <subfield code="s">1</subfield>
    <subfield code="d">8</subfield>
    <subfield code="V">import</subfield>
    <subfield code="L">PY 040 25-33</subfield>
    <subfield code="b">M08 7893</subfield>
    <subfield code="a">2332332740008057</subfield>
    <subfield code="t">8</subfield>
    <subfield code="R">Maintenance count: 002</subfield>
    <subfield code="c">PY 040 25</subfield>
    <subfield code="B">2589/96</subfield>
    <subfield code="D">20021231</subfield>
    <subfield code="q">33.1995</subfield>
    <subfield code="W">2005-08-25 02:00:00 Europe/Berlin</subfield>
    <subfield code="u">RL001</subfield>
    <subfield code="w">RL001</subfield>
  </datafield>
  <datafield tag="ITM" ind1=" " ind2=" ">
    <subfield code="H">2232332750008057</subfield>
    <subfield code="x">MAGZS</subfield>
    <subfield code="f">ISSBD</subfield>
    <subfield code="v">MAGZS</subfield>
    <subfield code="p">31</subfield>
    <subfield code="X">System</subfield>
    <subfield code="U">2005-08-25 12:59:00 Europe/Berlin</subfield>
    <subfield code="Y">2023-08-14 09:07:57 Europe/Berlin</subfield>
    <subfield code="h">false</subfield>
    <subfield code="n">MAG 22266</subfield>
    <subfield code="i">37</subfield>
    <subfield code="k">1999</subfield>
    <subfield code="M">49HBZ_UKO</subfield>
    <subfield code="s">1</subfield>
    <subfield code="d">8</subfield>
    <subfield code="V">import</subfield>
    <subfield code="L">PY 040 25-37</subfield>
    <subfield code="b">M08 7897</subfield>
    <subfield code="a">2332332700008057</subfield>
    <subfield code="t">8</subfield>
    <subfield code="R">Maintenance count: 007</subfield>
    <subfield code="c">PY 040 25</subfield>
    <subfield code="B">2815/2000</subfield>
    <subfield code="D">20021231</subfield>
    <subfield code="q">37.1999</subfield>
    <subfield code="W">2005-08-25 02:00:00 Europe/Berlin</subfield>
    <subfield code="u">RL001</subfield>
    <subfield code="w">RL001</subfield>
  </datafield>
  <datafield tag="ITM" ind1=" " ind2=" ">
    <subfield code="H">2232332750008057</subfield>
    <subfield code="x">MAGZS</subfield>
    <subfield code="f">ISSBD</subfield>
    <subfield code="v">MAGZS</subfield>
    <subfield code="p">31</subfield>
    <subfield code="X">System</subfield>
    <subfield code="U">2005-08-25 12:59:00 Europe/Berlin</subfield>
    <subfield code="Y">2023-08-14 09:07:57 Europe/Berlin</subfield>
    <subfield code="h">false</subfield>
    <subfield code="n">MAG 22265</subfield>
    <subfield code="i">36</subfield>
    <subfield code="k">1998</subfield>
    <subfield code="M">49HBZ_UKO</subfield>
    <subfield code="s">1</subfield>
    <subfield code="d">8</subfield>
    <subfield code="V">import</subfield>
    <subfield code="L">PY 040 25-36</subfield>
    <subfield code="b">M08 7895</subfield>
    <subfield code="a">2332332710008057</subfield>
    <subfield code="t">8</subfield>
    <subfield code="c">PY 040 25</subfield>
    <subfield code="B">2802/99</subfield>
    <subfield code="D">20021231</subfield>
    <subfield code="q">36.1998</subfield>
    <subfield code="W">2005-08-25 02:00:00 Europe/Berlin</subfield>
    <subfield code="u">RL001</subfield>
    <subfield code="w">RL001</subfield>
  </datafield>
  <datafield tag="ITM" ind1=" " ind2=" ">
    <subfield code="H">2232332750008057</subfield>
    <subfield code="x">MAGZS</subfield>
    <subfield code="f">ISSBD</subfield>
    <subfield code="v">MAGZS</subfield>
    <subfield code="p">31</subfield>
    <subfield code="X">System</subfield>
    <subfield code="U">2005-08-25 12:59:00 Europe/Berlin</subfield>
    <subfield code="Y">2023-08-14 09:07:57 Europe/Berlin</subfield>
    <subfield code="h">false</subfield>
    <subfield code="n">MAG 22264</subfield>
    <subfield code="i">35</subfield>
    <subfield code="k">1997</subfield>
    <subfield code="M">49HBZ_UKO</subfield>
    <subfield code="s">1</subfield>
    <subfield code="d">8</subfield>
    <subfield code="V">import</subfield>
    <subfield code="L">PY 040 25-35</subfield>
    <subfield code="b">M08 7896</subfield>
    <subfield code="a">2332332720008057</subfield>
    <subfield code="t">8</subfield>
    <subfield code="c">PY 040 25</subfield>
    <subfield code="B">3717/98</subfield>
    <subfield code="D">20021231</subfield>
    <subfield code="q">35.1997</subfield>
    <subfield code="W">2005-08-25 02:00:00 Europe/Berlin</subfield>
    <subfield code="u">RL001</subfield>
    <subfield code="w">RL001</subfield>
  </datafield>
  <datafield tag="ITM" ind1=" " ind2=" ">
    <subfield code="H">2232332750008057</subfield>
    <subfield code="x">MAGZS</subfield>
    <subfield code="f">ISSBD</subfield>
    <subfield code="v">MAGZS</subfield>
    <subfield code="p">31</subfield>
    <subfield code="X">System</subfield>
    <subfield code="U">2005-08-25 12:59:00 Europe/Berlin</subfield>
    <subfield code="Y">2023-08-14 09:07:57 Europe/Berlin</subfield>
    <subfield code="h">false</subfield>
    <subfield code="n">MAG 22263</subfield>
    <subfield code="i">34</subfield>
    <subfield code="k">1996</subfield>
    <subfield code="M">49HBZ_UKO</subfield>
    <subfield code="s">1</subfield>
    <subfield code="d">8</subfield>
    <subfield code="V">import</subfield>
    <subfield code="L">PY 040 25-34</subfield>
    <subfield code="b">M08 7894</subfield>
    <subfield code="a">2332332730008057</subfield>
    <subfield code="t">8</subfield>
    <subfield code="R">Maintenance count: 001</subfield>
    <subfield code="c">PY 040 25</subfield>
    <subfield code="B">3380/97</subfield>
    <subfield code="D">20021231</subfield>
    <subfield code="q">34.1996</subfield>
    <subfield code="W">2005-08-25 02:00:00 Europe/Berlin</subfield>
    <subfield code="u">RL001</subfield>
    <subfield code="w">RL001</subfield>
  </datafield>
  <datafield tag="H16" ind1="7" ind2=" ">
    <subfield code="a">123550-3</subfield>
    <subfield code="2">DE-600</subfield>
    <subfield code="8">22292579360006476</subfield>
  </datafield>
  <datafield tag="H35" ind1=" " ind2=" ">
    <subfield code="a">(DE-600)006179908</subfield>
    <subfield code="8">22292579360006476</subfield>
  </datafield>
  <datafield tag="H35" ind1=" " ind2=" ">
    <subfield code="a">(DE-38)006179908-49hbz_ubk</subfield>
    <subfield code="8">22292579360006476</subfield>
  </datafield>
  <datafield tag="H92" ind1=" " ind2=" ">
    <subfield code="a">501000-7</subfield>
    <subfield code="d">38</subfield>
    <subfield code="k">NRW</subfield>
    <subfield code="l">a</subfield>
    <subfield code="o">c</subfield>
    <subfield code="y">Z 666</subfield>
    <subfield code="8">22292579360006476</subfield>
  </datafield>
  <datafield tag="H52" ind1="8" ind2="1">
    <subfield code="b">38-HWA</subfield>
    <subfield code="c">38-HWA-ZMA</subfield>
    <subfield code="8">2</subfield>
    <subfield code="h">EWA Z666</subfield>
    <subfield code="9">00</subfield>
    <subfield code="x">DE-38</subfield>
    <subfield code="8">22292579360006476</subfield>
  </datafield>
  <datafield tag="H59" ind1="0" ind2="0">
    <subfield code="8">1.1\x</subfield>
    <subfield code="a">10</subfield>
    <subfield code="i">1972</subfield>
    <subfield code="8">22292579360006476</subfield>
  </datafield>
  <datafield tag="H59" ind1="1" ind2="0">
    <subfield code="8">1.2\x</subfield>
    <subfield code="a">38</subfield>
    <subfield code="i">2000</subfield>
    <subfield code="8">22292579360006476</subfield>
  </datafield>
  <datafield tag="H66" ind1="3" ind2="0">
    <subfield code="a">10.1972 - 38.2000</subfield>
    <subfield code="8">22292579360006476</subfield>
  </datafield>
  <datafield tag="HOL" ind1=" " ind2=" ">
    <subfield code="b">2023-08-22 15:13:28</subfield>
    <subfield code="8">22292579360006476</subfield>
    <subfield code="M">49HBZ_UBK</subfield>
    <subfield code="g">false</subfield>
    <subfield code="a">import</subfield>
  </datafield>
  <datafield tag="H16" ind1="7" ind2=" ">
    <subfield code="a">123550-3</subfield>
    <subfield code="2">DE-600</subfield>
    <subfield code="8">22526741320006449</subfield>
  </datafield>
  <datafield tag="H35" ind1=" " ind2=" ">
    <subfield code="a">(DE-600)006179452</subfield>
    <subfield code="8">22526741320006449</subfield>
  </datafield>
  <datafield tag="H35" ind1=" " ind2=" ">
    <subfield code="a">(DE-6)006179452-49hbz_ulm</subfield>
    <subfield code="8">22526741320006449</subfield>
  </datafield>
  <datafield tag="H92" ind1=" " ind2=" ">
    <subfield code="k">NRW</subfield>
    <subfield code="l">b</subfield>
    <subfield code="o">d</subfield>
    <subfield code="a">441023-3</subfield>
    <subfield code="8">22526741320006449</subfield>
  </datafield>
  <datafield tag="H52" ind1="8" ind2="1">
    <subfield code="b">PHY</subfield>
    <subfield code="c">PHY_ZS</subfield>
    <subfield code="8">1</subfield>
    <subfield code="h">DP</subfield>
    <subfield code="9">00</subfield>
    <subfield code="a">DE-6-023</subfield>
    <subfield code="8">22526741320006449</subfield>
  </datafield>
  <datafield tag="H59" ind1="0" ind2="0">
    <subfield code="8">1.1\x</subfield>
    <subfield code="a">3</subfield>
    <subfield code="i">1965</subfield>
    <subfield code="8">22526741320006449</subfield>
  </datafield>
  <datafield tag="H59" ind1="1" ind2="0">
    <subfield code="8">1.2\x</subfield>
    <subfield code="a">4</subfield>
    <subfield code="i">1966</subfield>
    <subfield code="8">22526741320006449</subfield>
  </datafield>
  <datafield tag="H59" ind1="0" ind2="0">
    <subfield code="8">2.1\x</subfield>
    <subfield code="a">6</subfield>
    <subfield code="i">1968</subfield>
    <subfield code="8">22526741320006449</subfield>
  </datafield>
  <datafield tag="H59" ind1="1" ind2="0">
    <subfield code="8">2.2\x</subfield>
    <subfield code="a">38</subfield>
    <subfield code="i">2000</subfield>
    <subfield code="8">22526741320006449</subfield>
  </datafield>
  <datafield tag="H66" ind1="3" ind2="0">
    <subfield code="a">3.1965 - 4.1966; 6.1968 - 38.2000</subfield>
    <subfield code="8">22526741320006449</subfield>
  </datafield>
  <datafield tag="HOL" ind1=" " ind2=" ">
    <subfield code="d">2023-06-02 12:20:30</subfield>
    <subfield code="8">22526741320006449</subfield>
    <subfield code="b">2022-07-11 09:57:03</subfield>
    <subfield code="M">49HBZ_ULM</subfield>
    <subfield code="g">false</subfield>
    <subfield code="a">import</subfield>
    <subfield code="c">System</subfield>
  </datafield>
  <datafield tag="H16" ind1="7" ind2=" ">
    <subfield code="a">123550-3</subfield>
    <subfield code="2">DE-600</subfield>
    <subfield code="8">22526741310006449</subfield>
  </datafield>
  <datafield tag="H35" ind1=" " ind2=" ">
    <subfield code="a">(DE-600)006179444</subfield>
    <subfield code="8">22526741310006449</subfield>
  </datafield>
  <datafield tag="H35" ind1=" " ind2=" ">
    <subfield code="a">(DE-6)006179444-49hbz_ulm</subfield>
    <subfield code="8">22526741310006449</subfield>
  </datafield>
  <datafield tag="H92" ind1=" " ind2=" ">
    <subfield code="k">NRW</subfield>
    <subfield code="l">b</subfield>
    <subfield code="o">d</subfield>
    <subfield code="w">2</subfield>
    <subfield code="a">441123-7</subfield>
    <subfield code="8">22526741310006449</subfield>
  </datafield>
  <datafield tag="H52" ind1="8" ind2="1">
    <subfield code="b">BEK</subfield>
    <subfield code="c">BEK_ZS</subfield>
    <subfield code="8">1</subfield>
    <subfield code="h">Z 1011</subfield>
    <subfield code="9">00</subfield>
    <subfield code="a">DE-6-123</subfield>
    <subfield code="8">22526741310006449</subfield>
  </datafield>
  <datafield tag="H59" ind1="0" ind2="0">
    <subfield code="8">1.1\x</subfield>
    <subfield code="a">14</subfield>
    <subfield code="i">1976</subfield>
    <subfield code="8">22526741310006449</subfield>
  </datafield>
  <datafield tag="H59" ind1="1" ind2="0">
    <subfield code="8">1.2\x</subfield>
    <subfield code="a">20</subfield>
    <subfield code="i">1982</subfield>
    <subfield code="8">22526741310006449</subfield>
  </datafield>
  <datafield tag="H66" ind1="3" ind2="0">
    <subfield code="a">14.1976 - 20.1982</subfield>
    <subfield code="8">22526741310006449</subfield>
  </datafield>
  <datafield tag="HOL" ind1=" " ind2=" ">
    <subfield code="d">2023-06-02 12:20:40</subfield>
    <subfield code="8">22526741310006449</subfield>
    <subfield code="b">2022-07-11 09:57:03</subfield>
    <subfield code="M">49HBZ_ULM</subfield>
    <subfield code="g">false</subfield>
    <subfield code="a">import</subfield>
    <subfield code="c">System</subfield>
  </datafield>
  <datafield tag="H16" ind1="7" ind2=" ">
    <subfield code="a">123550-3</subfield>
    <subfield code="2">DE-600</subfield>
    <subfield code="8">22526741340006449</subfield>
  </datafield>
  <datafield tag="H35" ind1=" " ind2=" ">
    <subfield code="a">(DE-600)006179428</subfield>
    <subfield code="8">22526741340006449</subfield>
  </datafield>
  <datafield tag="H35" ind1=" " ind2=" ">
    <subfield code="a">(DE-6)006179428-49hbz_ulm</subfield>
    <subfield code="8">22526741340006449</subfield>
  </datafield>
  <datafield tag="H92" ind1=" " ind2=" ">
    <subfield code="k">NRW</subfield>
    <subfield code="l">a</subfield>
    <subfield code="o">c</subfield>
    <subfield code="w">2</subfield>
    <subfield code="a">441000-2</subfield>
    <subfield code="8">22526741340006449</subfield>
  </datafield>
  <datafield tag="H52" ind1="8" ind2="1">
    <subfield code="b">ZB</subfield>
    <subfield code="c">ZB_ZS</subfield>
    <subfield code="8">1</subfield>
    <subfield code="h">Z Qu 4447</subfield>
    <subfield code="9">00</subfield>
    <subfield code="a">DE-6</subfield>
    <subfield code="8">22526741340006449</subfield>
  </datafield>
  <datafield tag="H59" ind1="0" ind2="0">
    <subfield code="8">1.1\x</subfield>
    <subfield code="a">23</subfield>
    <subfield code="i">1985</subfield>
    <subfield code="8">22526741340006449</subfield>
  </datafield>
  <datafield tag="H59" ind1="1" ind2="0">
    <subfield code="8">1.2\x</subfield>
    <subfield code="a">38</subfield>
    <subfield code="i">2000</subfield>
    <subfield code="8">22526741340006449</subfield>
  </datafield>
  <datafield tag="H66" ind1="3" ind2="0">
    <subfield code="a">23.1985 - 38.2000</subfield>
    <subfield code="8">22526741340006449</subfield>
  </datafield>
  <datafield tag="H66" ind1="3" ind2="0">
    <subfield code="z">[L=30]</subfield>
    <subfield code="8">22526741340006449</subfield>
  </datafield>
  <datafield tag="H66" ind1=" " ind2="0">
    <subfield code="x">umsigniert von ZD 5055 (03/2012)</subfield>
    <subfield code="8">22526741340006449</subfield>
  </datafield>
  <datafield tag="HOL" ind1=" " ind2=" ">
    <subfield code="d">2023-06-02 12:20:36</subfield>
    <subfield code="8">22526741340006449</subfield>
    <subfield code="b">2022-07-11 09:57:03</subfield>
    <subfield code="M">49HBZ_ULM</subfield>
    <subfield code="g">false</subfield>
    <subfield code="a">import</subfield>
    <subfield code="c">System</subfield>
  </datafield>
  <datafield tag="H35" ind1=" " ind2=" ">
    <subfield code="a">(DE-600)006180175</subfield>
    <subfield code="8">2279886200006462</subfield>
  </datafield>
  <datafield tag="H92" ind1=" " ind2=" ">
    <subfield code="a">591000-6</subfield>
    <subfield code="k">NRW</subfield>
    <subfield code="l">a</subfield>
    <subfield code="o">c</subfield>
    <subfield code="p">x</subfield>
    <subfield code="8">2279886200006462</subfield>
  </datafield>
  <datafield tag="H52" ind1="8" ind2="1">
    <subfield code="a">DE-467</subfield>
    <subfield code="b">S0001</subfield>
    <subfield code="c">FMZS</subfield>
    <subfield code="h">04-67P43</subfield>
    <subfield code="8">1</subfield>
    <subfield code="8">2279886200006462</subfield>
  </datafield>
  <datafield tag="H59" ind1="0" ind2="0">
    <subfield code="8">1.1\x</subfield>
    <subfield code="a">2</subfield>
    <subfield code="i">1964</subfield>
    <subfield code="8">2279886200006462</subfield>
  </datafield>
  <datafield tag="H59" ind1="1" ind2="0">
    <subfield code="8">1.2\x</subfield>
    <subfield code="a">38</subfield>
    <subfield code="i">2000</subfield>
    <subfield code="8">2279886200006462</subfield>
  </datafield>
  <datafield tag="H66" ind1="3" ind2="0">
    <subfield code="a">2.1964,7 - 38.2000</subfield>
    <subfield code="8">2279886200006462</subfield>
  </datafield>
  <datafield tag="HOL" ind1=" " ind2=" ">
    <subfield code="b">2022-07-11 08:42:52</subfield>
    <subfield code="8">2279886200006462</subfield>
    <subfield code="M">49HBZ_SIE</subfield>
    <subfield code="g">false</subfield>
    <subfield code="a">import</subfield>
  </datafield>
  <datafield tag="ITM" ind1=" " ind2=" ">
    <subfield code="H">2279886200006462</subfield>
    <subfield code="x">FMZS</subfield>
    <subfield code="f">NEWSPAPER</subfield>
    <subfield code="v">FMZS</subfield>
    <subfield code="p">19</subfield>
    <subfield code="X">System</subfield>
    <subfield code="U">2007-04-18 12:59:00 Europe/Berlin</subfield>
    <subfield code="Y">2022-07-11 10:43:08 Europe/Berlin</subfield>
    <subfield code="h">false</subfield>
    <subfield code="M">49HBZ_SIE</subfield>
    <subfield code="s">1</subfield>
    <subfield code="d">8</subfield>
    <subfield code="V">import</subfield>
    <subfield code="b">9089785-10</subfield>
    <subfield code="a">2379886190006462</subfield>
    <subfield code="c">04-67P43</subfield>
    <subfield code="D">20070124</subfield>
    <subfield code="q">2.1964,7 - 38.2000</subfield>
    <subfield code="W">2007-04-18 02:00:00 Europe/Berlin</subfield>
    <subfield code="u">S0001</subfield>
    <subfield code="w">S0001</subfield>
  </datafield>
  <datafield tag="H16" ind1="7" ind2=" ">
    <subfield code="a">123550-3</subfield>
    <subfield code="2">DE-600</subfield>
    <subfield code="8">22131234930006463</subfield>
  </datafield>
  <datafield tag="H35" ind1=" " ind2=" ">
    <subfield code="a">(DE-600)006180167</subfield>
    <subfield code="8">22131234930006463</subfield>
  </datafield>
  <datafield tag="H92" ind1=" " ind2=" ">
    <subfield code="a">471000-9</subfield>
    <subfield code="k">NRW</subfield>
    <subfield code="l">a</subfield>
    <subfield code="o">b</subfield>
    <subfield code="p">x</subfield>
    <subfield code="8">22131234930006463</subfield>
  </datafield>
  <datafield tag="H52" ind1="8" ind2="1">
    <subfield code="a">DE-466</subfield>
    <subfield code="b">P0001</subfield>
    <subfield code="c">40</subfield>
    <subfield code="h">67p54</subfield>
    <subfield code="8">1</subfield>
    <subfield code="8">22131234930006463</subfield>
  </datafield>
  <datafield tag="H59" ind1="0" ind2="0">
    <subfield code="8">1.1\x</subfield>
    <subfield code="a">2</subfield>
    <subfield code="i">1964</subfield>
    <subfield code="8">22131234930006463</subfield>
  </datafield>
  <datafield tag="H59" ind1="1" ind2="0">
    <subfield code="8">1.2\x</subfield>
    <subfield code="a">38</subfield>
    <subfield code="i">2000</subfield>
    <subfield code="8">22131234930006463</subfield>
  </datafield>
  <datafield tag="H66" ind1="3" ind2="0">
    <subfield code="a">2.1964 - 38.2000</subfield>
    <subfield code="8">22131234930006463</subfield>
  </datafield>
  <datafield tag="HOL" ind1=" " ind2=" ">
    <subfield code="b">2022-07-14 09:30:00</subfield>
    <subfield code="8">22131234930006463</subfield>
    <subfield code="M">49HBZ_PAD</subfield>
    <subfield code="g">false</subfield>
    <subfield code="a">import</subfield>
  </datafield>
  <datafield tag="GST" ind1=" " ind2=" ">
    <subfield code="a">Physik</subfield>
    <subfield code="x">Didaktik</subfield>
    <subfield code="A">GND</subfield>
    <subfield code="B">GND-040459772</subfield>
    <subfield code="C">450</subfield>
  </datafield>
  <datafield tag="GST" ind1=" " ind2=" ">
    <subfield code="a">Physik</subfield>
    <subfield code="x">Unterricht</subfield>
    <subfield code="A">GND</subfield>
    <subfield code="B">GND-040459772</subfield>
    <subfield code="C">450</subfield>
  </datafield>
  <datafield tag="GST" ind1=" " ind2=" ">
    <subfield code="a">Physikdidaktik</subfield>
    <subfield code="A">GND</subfield>
    <subfield code="B">GND-040459772</subfield>
    <subfield code="C">450</subfield>
  </datafield>
  <datafield tag="GSI" ind1="7" ind2=" ">
    <subfield code="a">4045977-9</subfield>
    <subfield code="0">http://d-nb.info/gnd/4045977-9</subfield>
    <subfield code="2">gnd</subfield>
    <subfield code="A">GND</subfield>
    <subfield code="B">GND-040459772</subfield>
    <subfield code="C">024</subfield>
  </datafield>
</record>
